<record><leader>00000cas a22000007a 4500</leader><controlfield tag="001">21123089</controlfield><controlfield tag="008">900226d19711971mnuwr ne      0    0eng d</controlfield><datafield ind1=" " ind2=" " tag="010"><subfield code="a">sn 90059081 </subfield></datafield><datafield ind1=" " ind2=" " tag="040"><subfield code="a">MN#</subfield><subfield code="b">eng</subfield><subfield code="c">MN#</subfield><subfield code="d">OCLCQ</subfield><subfield code="d">OCLCF</subfield><subfield code="d">OCLCO</subfield></datafield><datafield ind1=" " ind2=" " tag="042"><subfield code="a">msc</subfield></datafield><datafield ind1=" " ind2=" " tag="043"><subfield code="a">n-us-mn</subfield></datafield><datafield ind1=" " ind2=" " tag="052"><subfield code="a">4144</subfield><subfield code="b">B39</subfield><subfield code="b">K43</subfield></datafield><datafield ind1=" " ind2=" " tag="052"><subfield code="a">4143</subfield><subfield code="b">B3</subfield></datafield><datafield ind1="0" ind2="4" tag="245"><subfield code="a">The Blackduck American and Kelliher independent.</subfield></datafield><datafield ind1=" " ind2=" " tag="260"><subfield code="a">Blackduck, Beltrami County, Minn. :</subfield><subfield code="b">Bob Tuff,</subfield><subfield code="c">1971-</subfield></datafield><datafield ind1=" " ind2=" " tag="300"><subfield code="a">1 v.</subfield></datafield><datafield ind1=" " ind2=" " tag="310"><subfield code="a">Weekly</subfield></datafield><datafield ind1="0" ind2=" " tag="362"><subfield code="a">Vol. 70, no. 12 (Feb. 18, 1971)-v. 70, no. 52 (Nov. 25, 1971).</subfield></datafield><datafield ind1=" " ind2=" " tag="530"><subfield code="a">Available on microfilm from the Minnesota Historical Society.</subfield></datafield><datafield ind1=" " ind2="0" tag="651"><subfield code="a">Blackduck (Minn.)</subfield><subfield code="v">Newspapers.</subfield></datafield><datafield ind1=" " ind2="0" tag="651"><subfield code="a">Kelliher (Minn.)</subfield><subfield code="v">Newspapers.</subfield></datafield><datafield ind1=" " ind2="7" tag="655"><subfield code="a">Newspapers.</subfield><subfield code="2">fast</subfield><subfield code="0">(OCoLC)fst01423814</subfield></datafield><datafield ind1=" " ind2="7" tag="651"><subfield code="a">Minnesota</subfield><subfield code="z">Blackduck.</subfield><subfield code="2">fast</subfield><subfield code="0">(OCoLC)fst01254448</subfield></datafield><datafield ind1=" " ind2="7" tag="651"><subfield code="a">Minnesota</subfield><subfield code="z">Kelliher.</subfield><subfield code="2">fast</subfield><subfield code="0">(OCoLC)fst01254446</subfield></datafield><datafield ind1=" " ind2=" " tag="752"><subfield code="a">United States</subfield><subfield code="b">Minnesota</subfield><subfield code="c">Beltrami</subfield><subfield code="d">Blackduck.</subfield></datafield><datafield ind1=" " ind2=" " tag="752"><subfield code="a">United States</subfield><subfield code="b">Minnesota</subfield><subfield code="c">Beltrami</subfield><subfield code="d">Kelliher.</subfield></datafield><datafield ind1="0" ind2="4" tag="780"><subfield code="t">Blackduck American</subfield><subfield code="w">(DLC)sn 90059082</subfield></datafield><datafield ind1="0" ind2="4" tag="780"><subfield code="t">Kelliher independent</subfield><subfield code="w">(DLC)sn 90059057</subfield></datafield><datafield ind1="0" ind2="0" tag="785"><subfield code="t">American (Blackduck, Minn. : 1971)</subfield><subfield code="w">(DLC)sn 84009991</subfield></datafield></record>